@InProceedings{liu2014ordinal,
  Title                    = {Ordinal Random Fields for Recommender Systems},
  Author                   = {Liu, S. and Tran, T. and Li, G. and Jiang, Y.},
  Booktitle                = {ACML'14},
  Year                     = {2014},
  Pages                    = {283--298}
}